@incollection {MR1644818,
    AUTHOR = {Weihrauch, Klaus},
     TITLE = {A foundation for computable analysis},
 BOOKTITLE = {Combinatorics, complexity, \& logic ({A}uckland, 1996)},
    SERIES = {Springer Ser. Discrete Math. Theor. Comput. Sci.},
     PAGES = {66--89},
 PUBLISHER = {Springer},
   ADDRESS = {Singapore},
      YEAR = {1997},
   MRCLASS = {03F60},
  MRNUMBER = {1644818 (2000h:03120)},
}

@book {Weihrauch,
    AUTHOR = {Weihrauch, Klaus},
     TITLE = {Computable Analysis},
      NOTE = {An Introduction},
 PUBLISHER = {Springer},
   ADDRESS = {Berlin/Heidelberg},
      YEAR = {2000},
     PAGES = {285},
      ISBN = {3-540-66817-9},
}

@book {GareyJohnson,
    AUTHOR = {Garey, Michael R. and Johnson, David S.},
     TITLE = {Computers and Intractability},
      NOTE = {A Guide to the Theory of $\mathcal{NP}$--Completeness},
 PUBLISHER = {Freeman},
      YEAR = {1979},
}

@article {MR1694433,
    AUTHOR = {Hertling, Peter},
     TITLE = {An effective {R}iemann mapping theorem},
      NOTE = {Computability and complexity in analysis (Castle Dagstuhl,
              1997)},
   JOURNAL = {Theoret. Comput. Sci.},
  FJOURNAL = {Theoretical Computer Science},
    VOLUME = {219},
      YEAR = {1999},
    NUMBER = {1-2},
     PAGES = {225--265},
      ISSN = {0304-3975},
     CODEN = {TCSDI},
   MRCLASS = {03F60 (30C30)},
  MRNUMBER = {1694433 (2000f:03187)},
MRREVIEWER = {V. Ya. Kreinovich},
       DOI = {10.1016/S0304-3975(98)00290-4},
       URL = {http://dx.doi.org/10.1016/S0304-3975(98)00290-4},
}

@article {MR1115655,
    AUTHOR = {Toda, Seinosuke},
     TITLE = {P{P} is as hard as the polynomial-time hierarchy},
   JOURNAL = {SIAM J. Comput.},
  FJOURNAL = {SIAM Journal on Computing},
    VOLUME = {20},
      YEAR = {1991},
    NUMBER = {5},
     PAGES = {865--877},
      ISSN = {0097-5397},
     CODEN = {SMJCAT},
   MRCLASS = {68Q15},
  MRNUMBER = {1115655 (93a:68047)},
MRREVIEWER = {Lane A. Hemaspaandra},
       DOI = {10.1137/0220053},
       URL = {http://dx.doi.org/10.1137/0220053},
}

@article {MR2342601,
    AUTHOR = {Binder, Ilia and Braverman, Mark and Yampolsky, Michael},
     TITLE = {On the computational complexity of the {R}iemann mapping},
   JOURNAL = {Ark. Mat.},
  FJOURNAL = {Arkiv f{\"o}r Matematik},
    VOLUME = {45},
      YEAR = {2007},
    NUMBER = {2},
     PAGES = {221--239},
      ISSN = {0004-2080},
     CODEN = {AKMTAJ},
   MRCLASS = {03D78 (03D15 30C30 30F10 68Q17)},
  MRNUMBER = {2342601 (2010b:03055)},
MRREVIEWER = {Timothy H. McNicholl},
       DOI = {10.1007/s11512-007-0045-x},
       URL = {http://dx.doi.org/10.1007/s11512-007-0045-x},
}

@book {MR2849198,
    AUTHOR = {Wienholtz, Ernst and Kalf, Hubert and Kriecherbauer, Thomas},
     TITLE = {Elliptische {D}ifferentialgleichungen zweiter {O}rdnung},
      NOTE = {Eine Einf{\"u}hrung mit historischen Bemerkungen. [An
              introduction with historical remarks]},
 PUBLISHER = {Springer},
   ADDRESS = {Dordrecht},
      YEAR = {2009},
     PAGES = {xii+401},
      ISBN = {978-3-540-45717-6},
   MRCLASS = {35-01 (35B06 35D30 35Jxx)},
  MRNUMBER = {2849198 (2012f:35004)},
       DOI = {10.1007/978-3-540-45721-3},
       URL = {http://dx.doi.org/10.1007/978-3-540-45721-3},
}

@article {MR748898,
    AUTHOR = {Friedman, Harvey},
     TITLE = {The computational complexity of maximization and integration},
   JOURNAL = {Adv. in Math.},
  FJOURNAL = {Advances in Mathematics},
    VOLUME = {53},
      YEAR = {1984},
    NUMBER = {1},
     PAGES = {80--98},
      ISSN = {0001-8708},
     CODEN = {ADMTA4},
   MRCLASS = {03D15 (68Q15)},
  MRNUMBER = {748898 (86c:03037)},
MRREVIEWER = {Egon B{\"o}rger},
       DOI = {10.1016/0001-8708(84)90019-7},
       URL = {http://dx.doi.org/10.1016/0001-8708(84)90019-7},
}

@book {MR1137517,
    AUTHOR = {Ko, Ker-I},
     TITLE = {Complexity theory of real functions},
    SERIES = {Progress in Theoretical Computer Science},
 PUBLISHER = {Birkh{\"a}user Boston Inc.},
   ADDRESS = {Boston, MA},
      YEAR = {1991},
     PAGES = {x+309},
      ISBN = {0-8176-3586-6},
   MRCLASS = {03D15 (03-02 03F60 26E40 65Y20 68Q15)},
  MRNUMBER = {1137517 (93i:03057)},
MRREVIEWER = {Douglas S. Bridges},
       DOI = {10.1007/978-1-4684-6802-1},
       URL = {http://dx.doi.org/10.1007/978-1-4684-6802-1},
}

@book {MR1814364,
    AUTHOR = {Gilbarg, David and Trudinger, Neil S.},
     TITLE = {Elliptic partial differential equations of second order},
    SERIES = {Classics in Mathematics},
      NOTE = {Reprint of the 1998 edition},
 PUBLISHER = {Springer-Verlag},
   ADDRESS = {Berlin},
      YEAR = {2001},
     PAGES = {xiv+517},
      ISBN = {3-540-41160-7},
   MRCLASS = {35-02 (35Jxx)},
  MRNUMBER = {1814364 (2001k:35004)},
}

@book {MR2597943,
    AUTHOR = {Evans, Lawrence C.},
     TITLE = {Partial differential equations},
    SERIES = {Graduate Studies in Mathematics},
    VOLUME = {19},
   EDITION = {Second},
 PUBLISHER = {American Mathematical Society},
   ADDRESS = {Providence, RI},
      YEAR = {2010},
     PAGES = {xxii+749},
      ISBN = {978-0-8218-4974-3},
   MRCLASS = {35-01},
  MRNUMBER = {2597943 (2011c:35002)},
MRREVIEWER = {Diego M. Maldonado},
}

@incollection {MR2743298,
    AUTHOR = {Kawamura, Akitoshi and Cook, Stephen},
     TITLE = {Complexity theory for operators in analysis},
 BOOKTITLE = {S{TOC}'10---{P}roceedings of the 2010 {ACM} {I}nternational
              {S}ymposium on {T}heory of {C}omputing},
     PAGES = {495--502},
 PUBLISHER = {ACM},
   ADDRESS = {New York},
      YEAR = {2010},
   MRCLASS = {68Q15 (03D78 03F60)},
  MRNUMBER = {2743298 (2011i:68038)},
}

@article{AkiACM,
    AUTHOR = {Kawamura, Akitoshi and Cook, Stephen},
     TITLE = {Complexity theory for operators in analysis},
   JOURNAL = {ACM Transactions in Computation Theory},
    VOLUME = 4,
    NUMBER = 2,
     PAGES = {Article~5},
      YEAR = 2012,
}	

@book {MR1005942,
    AUTHOR = {Pour-El, Marian B. and Richards, J. Ian},
     TITLE = {Computability in analysis and physics},
    SERIES = {Perspectives in Mathematical Logic},
 PUBLISHER = {Springer-Verlag},
   ADDRESS = {Berlin},
      YEAR = {1989},
     PAGES = {xii+206},
      ISBN = {3-540-50035-9},
   MRCLASS = {03F60 (03D80 46-02 46R05 47-02 65Jxx)},
  MRNUMBER = {1005942 (90k:03062)},
MRREVIEWER = {Rodney G. Downey},
}

@Article{zbMATH02697313,
    Author = {G. {Morera}},
    Title = {{Sulle derivate seconde della funzione potenziale di spazio.}},
    FJournal = {{Istituto Lombardo di Scienze e Lettere, Rendiconti, II. Serie}},
    Journal = {{Ist. Lombardo, Rend., II. Ser.}},
    ISSN = {0393-893X},
    Volume = {20},
    Pages = {302--310},
    Year = {1887},
    Publisher = {Istituto Lombardo di Scienze e Lettere, Milan},
    Language = {Italian},
    Zbl = {19.1036.01}
}

@article {MR645846,
    AUTHOR = {Ko, Ker-I},
     TITLE = {The maximum value problem and {NP} real numbers},
   JOURNAL = {J. Comput. System Sci.},
  FJOURNAL = {Journal of Computer and System Sciences},
    VOLUME = {24},
      YEAR = {1982},
    NUMBER = {1},
     PAGES = {15--35},
      ISSN = {0022-0000},
     CODEN = {JCSSBM},
   MRCLASS = {68C25 (68C20)},
  MRNUMBER = {645846 (84e:68041)},
MRREVIEWER = {David A. Plaisted},
       DOI = {10.1016/0022-0000(82)90053-8},
       URL = {http://dx.doi.org/10.1016/0022-0000(82)90053-8},
}

@article {MR666209,
    AUTHOR = {Ko, Ker-I and Friedman, Harvey},
     TITLE = {Computational complexity of real functions},
   JOURNAL = {Theoret. Comput. Sci.},
  FJOURNAL = {Theoretical Computer Science},
    VOLUME = {20},
      YEAR = {1982},
    NUMBER = {3},
     PAGES = {323--352},
      ISSN = {0304-3975},
     CODEN = {TCSDI},
   MRCLASS = {03F60 (03D15 68C25 68C30 68C40)},
  MRNUMBER = {666209 (83j:03103)},
MRREVIEWER = {G. Asser},
       DOI = {10.1016/S0304-3975(82)80003-0},
       URL = {http://dx.doi.org/10.1016/S0304-3975(82)80003-0},
}

@incollection {MR1232932,
    AUTHOR = {Ko, Ker-I},
     TITLE = {Inverting a one-to-one real function is inherently sequential},
 BOOKTITLE = {Feasible mathematics ({I}thaca, {NY}, 1989)},
    SERIES = {Progr. Comput. Sci. Appl. Logic},
    VOLUME = {9},
     PAGES = {239--257},
 PUBLISHER = {Birkh\"auser Boston},
   ADDRESS = {Boston, MA},
      YEAR = {1990},
   MRCLASS = {68Q25 (03D15)},
  MRNUMBER = {1232932 (94f:68098)},
}

@article {MR1191941,
    AUTHOR = {Ko, Ker-I},
     TITLE = {On the computational complexity of integral equations},
   JOURNAL = {Ann. Pure Appl. Logic},
  FJOURNAL = {Annals of Pure and Applied Logic},
    VOLUME = {58},
      YEAR = {1992},
    NUMBER = {3},
     PAGES = {201--228},
      ISSN = {0168-0072},
     CODEN = {APALD7},
   MRCLASS = {68Q25 (03D15 03F60 45D05)},
  MRNUMBER = {1191941 (93m:68079)},
MRREVIEWER = {M. I. Dekhtyar},
       DOI = {10.1016/0168-0072(92)90028-X},
       URL = {http://dx.doi.org/10.1016/0168-0072(92)90028-X},
}

@incollection {MR1673610,
    AUTHOR = {Ko, Ker-I},
     TITLE = {Polynomial-time computability in analysis},
 BOOKTITLE = {Handbook of recursive mathematics, {V}ol.\ 2},
    SERIES = {Stud. Logic Found. Math.},
    VOLUME = {139},
     PAGES = {1271--1317},
 PUBLISHER = {North-Holland},
   ADDRESS = {Amsterdam},
      YEAR = {1998},
   MRCLASS = {03F60 (03D15)},
  MRNUMBER = {1673610 (2000e:03169)},
MRREVIEWER = {A. Ku{\v{c}}era},
       DOI = {10.1016/S0049-237X(98)80052-9},
       URL = {http://dx.doi.org/10.1016/S0049-237X(98)80052-9},
}

@inproceedings{DBLP:conf/focs/Braverman05,
  author    = {Mark Braverman},
  title     = {On the Complexity of Real Functions},
  booktitle = {FOCS},
  year      = {2005},
  pages     = {155-164},
  ee        = {http://doi.ieeecomputersociety.org/10.1109/SFCS.2005.58},
  bibsource = {DBLP, http://dblp.uni-trier.de}
}

@inproceedings {MR2432732,
    AUTHOR = {Ko, Ker-I and Yu, Fuxiang},
     TITLE = {On the complexity of convex hulls of subsets of the
              two-dimensional plane},
 BOOKTITLE = {Proceedings of the {F}ourth {I}nternational {C}onference on
              {C}omputability and {C}omplexity in {A}nalysis ({CCA} 2007)},
    SERIES = {Electron. Notes Theor. Comput. Sci.},
    VOLUME = {202},
     PAGES = {121--135},
 PUBLISHER = {Elsevier Sci. B. V., Amsterdam},
      YEAR = {2008},
   MRCLASS = {52A05 (03D15 03F60 68Q15 68Q17)},
  MRNUMBER = {2432732},
       DOI = {10.1016/j.entcs.2008.03.012},
       URL = {http://dx.doi.org/10.1016/j.entcs.2008.03.012},
}

@Article{OtaSmooth,
  author = 	 {Kawamura, Akitoshi and Ota, Hiroyuki and R{\"o}snick, Carsten
              and Ziegler, Martin},
  title = 	 {Computational Complexity of Smooth Differential Equations},
  journal = 	 {Logical Methods in Computer Science},
  year = 	 2014,
  volume = 	 10,
  number = 	 1,
  pages = 	 {Paper~6}}

@Article{zbMATH03025275,
    Author = {A.M. {Turing}},
    Title = {{On computable numbers, with an application to the Entscheidungsproblem.}},
    FJournal = {{Proceedings of the London Mathematical Society. Second Series}},
    Journal = {{Proc. Lond. Math. Soc. (2)}},
    ISSN = {0024-6115; 1460-244X/e},
    Volume = {42},
    Pages = {230--265},
    Year = {1936},
    Publisher = {London Mathematical Society, London; Oxford University Press, Oxford},
    Language = {English},
    DOI = {10.1112/plms/s2-42.1.230},
    Zbl = {0016.09701}
}

@article {MR0089809,
    AUTHOR = {Grzegorczyk, A.},
     TITLE = {On the definitions of computable real continuous functions},
   JOURNAL = {Fund. Math.},
  FJOURNAL = {Polska Akademia Nauk. Fundamenta Mathematicae},
    VOLUME = {44},
      YEAR = {1957},
     PAGES = {61--71},
      ISSN = {0016-2736},
   MRCLASS = {02.0X},
  MRNUMBER = {0089809 (19,723c)},
MRREVIEWER = {G. F. Rose},
}

@incollection {MR0105357,
    AUTHOR = {Lacombe, Daniel},
     TITLE = {Sur les possibilit\'es d'extension de la notion de fonction
              r\'ecursive aux fonctions d'une ou plusieurs variables
              r\'eelles},
 BOOKTITLE = {Le raisonnement en math\'ematiques et en sciences
              exp\'erimentales},
    SERIES = {Colloques Internationaux du Centre National de la Recherche
              Scientifique, LXX},
     PAGES = {67--75},
 PUBLISHER = {Editions du Centre National de la Recherche Scientifique,
              Paris},
      YEAR = {1958},
   MRCLASS = {02.00},
  MRNUMBER = {0105357 (21 \#4099)},
MRREVIEWER = {J. Myhill},
}

@article{Roesnick,
author = {R{\"o}snick, Carsten},
journal = {Logical Methods in Computer Science},
title = {Closed Sets and Operators Thereon: Representations, Computability and Complexity},
pages = {submitted},
year = {2014},
}

@article{Kawamura2012,
author = {Kawamura, Akitoshi and M{\"u}ller, Norbert Th. and R{\"o}snick, Carsten and Ziegler, Martin},
file = {:home/florian/Documents/Mendeley Desktop/Kawamura et al. - 2012 - Parameterized Uniform Complexity in Numerics from Smooth to Analytic, from NP-hard to Polytime.pdf:pdf},
journal = {arXiv preprint },
title = {{Parameterized Uniform Complexity in Numerics: from Smooth to Analytic, from NP-hard to Polytime}},
url = {http://arxiv.org/abs/1211.4974},
year = {2012}
}

@article{Lombardi,
author = {Labhalla, Salah and Lombardi, Henri and Moutai, E.},
title = {Espaces m\'{e}triques rationnellement pr\'{e}sent\'{e}s et complexit\'{e}},
note = {le cas de l'espace des fonctions r\'{e}elles uniform\'{e}ment, continues sur un intervalle compact},
pages = {265--332},
journal = {Theoretical Computer Science},
volume = {250},
year = {2001},
}

@inproceedings{Mueller95,
author = {M{\"u}ller, Norbert Th.},
title = {Constructive Aspects of Analytic Functions},
pages = {105--114},
year = {1995},
booktitle = {Proc. Workshop on Computability and Complexity in Analysis},
series = {InformatikBerichte},
organization = {FernUniversit{\"a}t Hagen},
volume = {190},
}

@inproceedings{Mueller87,
author = {M{\"u}ller, Norbert Th.},
title = {Uniform Computational Complexity of {Taylor} Series},
pages = {435--444},
year = {1987},
booktitle = {Proc. 14th International Colloquium on Automata, Languages, and Programming},
series = {LNCS},
publisher = {Springer}, 
volume = {267},
}

@phdthesis{kawamuraphd,
author = {Kawamura, Akitoshi},
title = {Computational Complexity in Analysis and Geometry},
school = {University of Toronto},
year = {2011}
}

@article{Kawamura10,
  author = {Kawamura, Akitoshi},
  title	= {Lipschitz Continuous Ordinary Differential Equations are Polynomial-Space Complete},
  pages = {305--332},
  journal = {Computational Complexity},
  volume = {19},
  number = {2},
  year = {2010},
}

@article{Zhong98,
  author    = {Ning Zhong},
  title     = {Derivatives of Computable Functions},
  journal   = {Mathematical Logic Quarterly},
  volume    = {44},
  year      = {1998},
  pages     = {304--316},
  ee        = {http://dx.doi.org/10.1002/malq.19980440303},
  bibsource = {DBLP, http://dblp.uni-trier.de}
}
@inproceedings{Mueller00,
  author    = {Norbert Th. M{\"u}ller},
	title     = {The iRRAM: Exact Arithmetic in C++},
  booktitle = {CCA},
  year      = {2000},
  pages     = {222-252},
  ee        = {http://dx.doi.org/10.1007/3-540-45335-0_14},
  crossref  = {DBLP:conf/cca/2000},
  bibsource = {DBLP, http://dblp.uni-trier.de}
}
@article{WeihrauchZhong07,
  author    = {Klaus Weihrauch and
               Ning Zhong},
  title     = {Computable analysis of the abstract {Cauchy} problem in a
               {Banach} space and its applications {I}},
  journal   = {Mathematical Logic Quarterly},
  volume    = {53},
  number    = {4-5},
  year      = {2007},
  pages     = {511--531},
  ee        = {http://dx.doi.org/10.1002/malq.200710015},
  bibsource = {DBLP, http://dblp.uni-trier.de}
}

@article{WeihrauchZhong06,
  author    = {Klaus Weihrauch and
               Ning Zhong},
  title     = {An Algorithm for Computing Fundamental Solutions},
  journal   = {SIAM J. Comput.},
  volume    = {35},
  number    = {6},
  year      = {2006},
  pages     = {1283--1294},
  ee        = {http://dx.doi.org/10.1137/S0097539704446360},
  bibsource = {DBLP, http://dblp.uni-trier.de}
}

@article{WeihrauchZhong05,
  author    = {Klaus Weihrauch and
               Ning Zhong},
  title     = {Computing the solution of the {Korteweg}--de {Vries} equation
               with arbitrary precision on Turing},
  journal   = {Theor. Comput. Sci.},
  volume    = {332},
  number    = {1-3},
  year      = {2005},
  pages     = {337--366},
  ee        = {http://dx.doi.org/10.1016/j.tcs.2004.11.005},
  bibsource = {DBLP, http://dblp.uni-trier.de}
}

@article{WeihrauchZhong02,
  author    = {Klaus Weihrauch and
               Ning Zhong},
  title     = {Is Wave Propagation Computable or Can Wave Computers Beat the {T}uring Machine?},
  journal   = {Proc. London Mathematical Society},
  volume    = {85},
  number    = {2},
  year      = {2002},
  pages     = {312--332},
}

@inproceedings{BournezGracaPoulyZhong13,
  author    = {Olivier Bournez and
               Daniel S. Gra\c{c}a and
               Amaury Pouly and
               Ning Zhong},
  title     = {Computability and Computational Complexity of the Evolution
               of Nonlinear Dynamical Systems},
  booktitle = {CiE},
  year      = {2013},
  pages     = {12-21},
  ee        = {http://dx.doi.org/10.1007/978-3-642-39053-1_2},
  bibsource = {DBLP, http://dblp.uni-trier.de}
}  

@proceedings{DBLP:conf/cca/2000,
  editor    = {Jens Blanck and
               Vasco Brattka and
               Peter Hertling},
  title     = {Computability and Complexity in Analysis, 4th International
               Workshop, CCA 2000, Swansea, UK, September 17-19, 2000,
               Selected Papers},
  booktitle = {CCA},
  publisher = {Springer},
  series    = {Lecture Notes in Computer Science},
  volume    = {2064},
  year      = {2001},
  isbn      = {3-540-42197-1},
  bibsource = {DBLP, http://dblp.uni-trier.de}
}
